<record><leader>00000cas a22000007a 4500</leader><controlfield tag="001">8203836</controlfield><controlfield tag="008">820302c19819999cauwr ne      0   z0arm d</controlfield><datafield ind1=" " ind2=" " tag="010"><subfield code="a">sn 82001383 </subfield></datafield><datafield ind1=" " ind2=" " tag="040"><subfield code="a">NSD</subfield><subfield code="b">eng</subfield><subfield code="c">NSD</subfield><subfield code="d">DLC</subfield><subfield code="d">OCLCQ</subfield><subfield code="d">CLU</subfield><subfield code="d">OCLCQ</subfield><subfield code="d">OCLCF</subfield><subfield code="d">CLU</subfield></datafield><datafield ind1=" " ind2=" " tag="066"><subfield code="c">Armn</subfield></datafield><datafield ind1=" " ind2=" " tag="012"><subfield code="k">1</subfield><subfield code="m">1</subfield></datafield><datafield ind1=" " ind2=" " tag="019"><subfield code="a">36847029</subfield></datafield><datafield ind1="1" ind2=" " tag="022"><subfield code="a">0744-334X</subfield><subfield code="l">0744-334X</subfield><subfield code="2">1</subfield></datafield><datafield ind1=" " ind2=" " tag="032"><subfield code="a">667310</subfield><subfield code="b">USPS</subfield></datafield><datafield ind1=" " ind2=" " tag="037"><subfield code="b">Massis Weekly, 1060 N. Allen Ave., Suite 101, Pasadena, CA 91104</subfield></datafield><datafield ind1=" " ind2=" " tag="042"><subfield code="a">nsdp</subfield></datafield><datafield ind1=" " ind2=" " tag="043"><subfield code="a">n-us-ca</subfield></datafield><datafield ind1=" " ind2="0" tag="222"><subfield code="a">Masis shabat&#699;at&#699;ert&#699;</subfield></datafield><datafield ind1="0" ind2="0" tag="245"><subfield code="6">880-01</subfield><subfield code="a">Masis shabat&#699;at&#699;ert&#699; :</subfield><subfield code="b">O&#772;rkan S.D. Hnch&#699;akean Kusakts&#699;ut&#699;ean Arewmtean Amerikayi = Massis weekly.</subfield></datafield><datafield ind1="3" ind2="0" tag="246"><subfield code="a">Massis weekly</subfield></datafield><datafield ind1=" " ind2=" " tag="260"><subfield code="6">880-02</subfield><subfield code="a">Pasadena, CA. :</subfield><subfield code="b">S.D. Hnch&#699;akean Kusakts&#699;ut&#699;ean Arewmtean Amerikayi</subfield></datafield><datafield ind1=" " ind2=" " tag="310"><subfield code="a">50 no. a year,</subfield><subfield code="b">&lt;Aug. 4, 1984-&gt;</subfield></datafield><datafield ind1=" " ind2=" " tag="321"><subfield code="a">Weekly</subfield></datafield><datafield ind1="1" ind2=" " tag="362"><subfield code="a">Began in 1981.</subfield></datafield><datafield ind1=" " ind2=" " tag="515"><subfield code="a">Issues for &lt;Hunuar 17, 2015-&gt; carry also whole numbering &lt;1701-&gt;</subfield></datafield><datafield ind1=" " ind2=" " tag="525"><subfield code="a">Some issues have supplements.</subfield></datafield><datafield ind1=" " ind2=" " tag="530"><subfield code="a">Issued also online.</subfield></datafield><datafield ind1=" " ind2=" " tag="588"><subfield code="a">Description based on: Vol. 2, no. 2 (Sat., Jan. 23, 1982); title from caption.</subfield></datafield><datafield ind1=" " ind2=" " tag="588"><subfield code="a">Latest issue consulted: 35. tari, t&#699;iw 01 (Hunuar 17, 2015) = 1701 (online surrogate) (publisher's website, viewed March 17, 2015).</subfield></datafield><datafield ind1=" " ind2="0" tag="650"><subfield code="a">Armenian Americans</subfield><subfield code="z">California</subfield><subfield code="v">Newspapers.</subfield></datafield><datafield ind1=" " ind2="0" tag="650"><subfield code="a">Armenians</subfield><subfield code="v">Newspapers.</subfield></datafield><datafield ind1=" " ind2="7" tag="650"><subfield code="a">Armenian Americans.</subfield><subfield code="2">fast</subfield><subfield code="0">(OCoLC)fst00814656</subfield></datafield><datafield ind1=" " ind2="7" tag="650"><subfield code="a">Armenians.</subfield><subfield code="2">fast</subfield><subfield code="0">(OCoLC)fst00814767</subfield></datafield><datafield ind1=" " ind2="7" tag="651"><subfield code="a">California.</subfield><subfield code="2">fast</subfield><subfield code="0">(OCoLC)fst01204928</subfield></datafield><datafield ind1=" " ind2="7" tag="655"><subfield code="a">Newspapers.</subfield><subfield code="2">fast</subfield><subfield code="0">(OCoLC)fst01423814</subfield></datafield><datafield ind1="2" ind2=" " tag="710"><subfield code="6">880-03</subfield><subfield code="a">Sots&#699;ial Demokrat Hnch&#699;akean Kusakts&#699;ut&#699;iwn.</subfield><subfield code="b">Arewmtean Amerikayi,</subfield><subfield code="e">issuing body.</subfield></datafield><datafield ind1=" " ind2=" " tag="752"><subfield code="a">United States</subfield><subfield code="b">California</subfield><subfield code="c">Los Angeles</subfield><subfield code="d">Pasadena.</subfield></datafield><datafield ind1="4" ind2="1" tag="856"><subfield code="u">http://bibpurl.oclc.org/web/1627</subfield><subfield code="u">http://www.massisweekly.com/</subfield></datafield><datafield ind1="0" ind2="0" tag="880"><subfield code="6">245-01/Armn</subfield><subfield code="a">&#1348;&#1377;&#1405;&#1387;&#1405; &#1399;&#1377;&#1378;&#1377;&#1385;&#1377;&#1385;&#1381;&#1408;&#1385; :</subfield><subfield code="b">&#1365;&#1408;&#1391;&#1377;&#1398; &#1357;.&#1332;. &#1344;&#1398;&#1401;&#1377;&#1391;&#1381;&#1377;&#1398; &#1343;&#1400;&#1410;&#1405;&#1377;&#1391;&#1409;&#1400;&#1410;&#1385;&#1381;&#1377;&#1398; &#1329;&#1408;&#1381;&#1410;&#1396;&#1407;&#1381;&#1377;&#1398; &#1329;&#1396;&#1381;&#1408;&#1387;&#1391;&#1377;&#1397;&#1387; = Massis weekly.</subfield></datafield><datafield ind1=" " ind2=" " tag="880"><subfield code="6">260-02/Armn</subfield><subfield code="a">Pasadena, CA. :</subfield><subfield code="b">&#1357;.&#1332;. &#1344;&#1398;&#1401;&#1377;&#1391;&#1381;&#1377;&#1398; &#1343;&#1400;&#1410;&#1405;&#1377;&#1391;&#1409;&#1400;&#1410;&#1385;&#1381;&#1377;&#1398; &#1329;&#1408;&#1381;&#1410;&#1396;&#1407;&#1381;&#1377;&#1398; &#1329;&#1396;&#1381;&#1408;&#1387;&#1391;&#1377;&#1397;&#1387;</subfield></datafield><datafield ind1="2" ind2=" " tag="880"><subfield code="6">710-03/Armn</subfield><subfield code="a">&#1357;&#1400;&#1409;&#1387;&#1377;&#1388; &#1332;&#1381;&#1396;&#1400;&#1391;&#1408;&#1377;&#1407; &#1344;&#1398;&#1401;&#1377;&#1391;&#1381;&#1377;&#1398; &#1343;&#1400;&#1410;&#1405;&#1377;&#1391;&#1409;&#1400;&#1410;&#1385;&#1387;&#1410;&#1398;.</subfield><subfield code="b">&#1329;&#1408;&#1381;&#1410;&#1396;&#1407;&#1381;&#1377;&#1398; &#1329;&#1396;&#1381;&#1408;&#1387;&#1391;&#1377;&#1397;&#1387;.</subfield></datafield><datafield ind1="1" ind2=" " tag="029"><subfield code="a">AU@</subfield><subfield code="b">000025800068</subfield></datafield></record>